%% This BibTeX bibliography file was created using BibDesk.
%% http://bibdesk.sourceforge.net/

%% Created for Lingxue Zhu at 2017-02-13 10:20:15 -0500 


%% Saved with string encoding Unicode (UTF-8) 



@inproceedings{kang2009pegasus:,
	Author = {Kang, U. and Tsourakakis, Charalampos E. and Faloutsos, Christos},
	Booktitle = {Proceedings of the 2009 Ninth IEEE International Conference on Data Mining},
	Date-Added = {2017-02-13 15:17:19 +0000},
	Date-Modified = {2017-02-13 15:20:10 +0000},
	Doi = {10.1109/ICDM.2009.14},
	Pages = {229--238},
	Publisher = {IEEE Computer Society},
	Series = {ICDM '09},
	Title = {PEGASUS: A Peta-Scale Graph Mining System Implementation and Observations},
	Year = {2009}}

@webpage{graphminer,
	Author = {Nijith Jacob and Sharif Doghmi},
	Date-Added = {2017-02-13 02:07:23 +0000},
	Date-Modified = {2017-02-13 02:20:31 +0000},
	Title = {GraphMiner},
	Url = {http://www.cs.cmu.edu/~christos/courses/826.S16/project-default-graphs/graphminer.tar.gz},
	Year = {2013},
	Bdsk-Url-1 = {http://www.cs.cmu.edu/~christos/courses/826.S16/project-default-graphs/graphminer.tar.gz}}

@article{kang2012gbase,
	Author = {Kang, U and Tong, Hanghang and Sun, Jimeng and Lin, Ching-Yung and Faloutsos, Christos},
	Date-Added = {2017-02-13 02:07:04 +0000},
	Date-Modified = {2017-02-13 02:07:04 +0000},
	Journal = {The VLDB Journal---The International Journal on Very Large Data Bases},
	Number = {5},
	Pages = {637--650},
	Publisher = {Springer-Verlag New York, Inc.},
	Title = {Gbase: an efficient analysis platform for large graphs},
	Volume = {21},
	Year = {2012}}

@inproceedings{jindal2015graph,
	Author = {Jindal, Alekh and Madden, Samuel and Castellanos, Mal{\'u} and Hsu, Meichun},
	Booktitle = {Big Data (Big Data), 2015 IEEE International Conference on},
	Date-Added = {2017-02-13 02:06:44 +0000},
	Date-Modified = {2017-02-13 02:06:44 +0000},
	Organization = {IEEE},
	Pages = {1191--1200},
	Title = {Graph analytics using vertica relational database},
	Year = {2015}}


@inproceedings{jiang2015general,
  title={A general suspiciousness metric for dense blocks in multimodal data},
  author={Jiang, Meng and Beutel, Alex and Cui, Peng and Hooi, Bryan and Yang, Shiqiang and Faloutsos, Christos},
  booktitle={Data Mining (ICDM), 2015 IEEE International Conference on},
  pages={781--786},
  year={2015},
  organization={IEEE}
}

@inproceedings{shin2016m,
  title={M-zoom: Fast dense-block detection in tensors with quality guarantees},
  author={Shin, Kijung and Hooi, Bryan and Faloutsos, Christos},
  booktitle={Joint European Conference on Machine Learning and Knowledge Discovery in Databases},
  pages={264--280},
  year={2016},
  organization={Springer}
}

@inproceedings{shin2017d,
  title={D-Cube: Dense-Block Detection in Terabyte-Scale Tensors},
  author={Shin, Kijung and Hooi, Bryan and Kim, Jisu and Faloutsos, Christos},
  booktitle={Proceedings of the Tenth ACM International Conference on Web Search and Data Mining},
  pages={681--689},
  year={2017},
  organization={ACM}
}
